<?xml version="1.0" encoding="UTF-8"?>
<record xmlns="http://www.loc.gov/MARC21/slim">
   <leader>03153cas a2200769 a 4500</leader>
   <controlfield tag="001">2908145</controlfield>
   <controlfield tag="003">CaOOAMICUS</controlfield>
   <controlfield tag="005">20020621103234.0</controlfield>
   <controlfield tag="008">020618c199u9999abcar         0   a0eng  </controlfield>
   <datafield tag="016" ind1=" " ind2=" ">
      <subfield code="a">20023010711</subfield>
   </datafield>
   <datafield tag="022" ind1="0" ind2=" ">
      <subfield code="a">1703-3624</subfield>
   </datafield>
   <datafield tag="035" ind1=" " ind2=" ">
      <subfield code="a">ocm50093199</subfield>
   </datafield>
   <datafield tag="040" ind1=" " ind2=" ">
      <subfield code="a">CaOONL</subfield>
      <subfield code="b">eng</subfield>
      <subfield code="c">CaOONL</subfield>
      <subfield code="d">AEU</subfield>
      <subfield code="d">AECCI</subfield>
      <subfield code="d">AEU</subfield>
   </datafield>
   <datafield tag="042" ind1=" " ind2=" ">
      <subfield code="a">nlc</subfield>
      <subfield code="a">isds/c</subfield>
   </datafield>
   <datafield tag="043" ind1=" " ind2=" ">
      <subfield code="a">n-cn-ab</subfield>
   </datafield>
   <datafield tag="082" ind1="1" ind2=" ">
      <subfield code="a">362.1</subfield>
      <subfield code="2">13</subfield>
   </datafield>
   <datafield tag="090" ind1=" " ind2=" ">
      <subfield code="a">RC 279 C2 A42</subfield>
      <subfield code="b">AECCI</subfield>
   </datafield>
   <datafield tag="090" ind1=" " ind2=" ">
      <subfield code="a">RC 279 C2 A3332</subfield>
      <subfield code="b">AEU</subfield>
   </datafield>
   <datafield tag="110" ind1="2" ind2=" ">
      <subfield code="a">Alberta Cancer Foundation.</subfield>
   </datafield>
   <datafield tag="210" ind1="0" ind2=" ">
      <subfield code="a">Annu. rev. - Alta. Cancer Found.</subfield>
   </datafield>
   <datafield tag="222" ind1=" " ind2="0">
      <subfield code="a">Annual review - Alberta Cancer Foundation</subfield>
   </datafield>
   <datafield tag="240" ind1="0" ind2="0">
      <subfield code="a">Alberta Cancer Foundation ... annual review.</subfield>
   </datafield>
   <datafield tag="245" ind1="1" ind2="0">
      <subfield code="a">Alberta Cancer Foundation ... annual review 2007</subfield>
   </datafield>
   <datafield tag="246" ind1="1" ind2=" ">
      <subfield code="a">Annual review</subfield>
   </datafield>
   <datafield tag="246" ind1="1" ind2=" ">
      <subfield code="i">Issue for 2006/2007 has title:</subfield>
      <subfield code="a">Alberta Cancer Foundation annual report</subfield>
   </datafield>
   <datafield tag="246" ind1="3" ind2=" ">
      <subfield code="a">Alberta Cancer Foundation annual review</subfield>
   </datafield>
   <datafield tag="260" ind1=" " ind2=" ">
      <subfield code="a">[Edmonton] :</subfield>
      <subfield code="b">Alberta Cancer Foundation</subfield>
   </datafield>
   <datafield tag="300" ind1=" " ind2=" ">
      <subfield code="a">v. :</subfield>
      <subfield code="b">ill. ;</subfield>
      <subfield code="c">28 cm.</subfield>
   </datafield>
   <datafield tag="310" ind1=" " ind2=" ">
      <subfield code="a">Annual</subfield>
   </datafield>
   <datafield tag="336" ind1=" " ind2=" ">
      <subfield code="a">text</subfield>
      <subfield code="b">txt</subfield>
      <subfield code="2">rdacontent</subfield>
   </datafield>
   <datafield tag="337" ind1=" " ind2=" ">
      <subfield code="a">unmediated</subfield>
      <subfield code="b">n</subfield>
      <subfield code="2">rdamedia</subfield>
   </datafield>
   <datafield tag="338" ind1=" " ind2=" ">
      <subfield code="a">volume</subfield>
      <subfield code="b">nc</subfield>
      <subfield code="2">rdacarrier</subfield>
   </datafield>
   <datafield tag="500" ind1=" " ind2=" ">
      <subfield code="a">Title from cover.</subfield>
   </datafield>
   <datafield tag="500" ind1=" " ind2=" ">
      <subfield code="a">Each issue has also distinct title.</subfield>
   </datafield>
   <datafield tag="500" ind1=" " ind2=" ">
      <subfield code="a">Some issues accompanied by financial statements.</subfield>
   </datafield>
   <datafield tag="588" ind1=" " ind2=" ">
      <subfield code="a">Description based on: 1999/2000.</subfield>
   </datafield>
   <datafield tag="588" ind1=" " ind2=" ">
      <subfield code="a">Latest issue consulted: 2007/2008.</subfield>
   </datafield>
   <datafield tag="596" ind1=" " ind2=" ">
      <subfield code="a">22 42</subfield>
   </datafield>
   <datafield tag="610" ind1="2" ind2="0">
      <subfield code="a">Alberta Cancer Foundation</subfield>
      <subfield code="v">Periodicals.</subfield>
   </datafield>
   <datafield tag="650" ind1=" " ind2="0">
      <subfield code="a">Cancer</subfield>
      <subfield code="x">Treatment</subfield>
      <subfield code="z">Alberta</subfield>
      <subfield code="v">Periodicals.</subfield>
   </datafield>
   <datafield tag="650" ind1=" " ind2="0">
      <subfield code="a">Cancer</subfield>
      <subfield code="x">Research</subfield>
      <subfield code="z">Alberta</subfield>
      <subfield code="v">Periodicals.</subfield>
   </datafield>
   <datafield tag="780" ind1="0" ind2="7">
      <subfield code="a">Alberta Cancer Board.</subfield>
      <subfield code="t">Annual report</subfield>
      <subfield code="x">0839-8135</subfield>
   </datafield>
   <datafield tag="926" ind1=" " ind2=" ">
      <subfield code="a">CROSS</subfield>
      <subfield code="b">REFERENCE</subfield>
      <subfield code="c">RC 279 C2 A42 1999/2000</subfield>
      <subfield code="d">NO_LOAN</subfield>
      <subfield code="f">1</subfield>
   </datafield>
   <datafield tag="926" ind1=" " ind2=" ">
      <subfield code="a">CROSS</subfield>
      <subfield code="b">ON_SHELF</subfield>
      <subfield code="c">RC 279 C2 A42 1999/2000</subfield>
      <subfield code="d">BOOK</subfield>
      <subfield code="f">2</subfield>
   </datafield>
   <datafield tag="926" ind1=" " ind2=" ">
      <subfield code="a">CROSS</subfield>
      <subfield code="b">REFERENCE</subfield>
      <subfield code="c">RC 279 C2 A42 2000/2001</subfield>
      <subfield code="d">NO_LOAN</subfield>
      <subfield code="f">1</subfield>
   </datafield>
   <datafield tag="926" ind1=" " ind2=" ">
      <subfield code="a">CROSS</subfield>
      <subfield code="b">ON_SHELF</subfield>
      <subfield code="c">RC 279 C2 A42 2000/2001</subfield>
      <subfield code="d">BOOK</subfield>
      <subfield code="f">2</subfield>
   </datafield>
   <datafield tag="926" ind1=" " ind2=" ">
      <subfield code="a">CROSS</subfield>
      <subfield code="b">REFERENCE</subfield>
      <subfield code="c">RC 279 C2 A42 2001/2002</subfield>
      <subfield code="d">NO_LOAN</subfield>
      <subfield code="f">1</subfield>
   </datafield>
   <datafield tag="926" ind1=" " ind2=" ">
      <subfield code="a">CROSS</subfield>
      <subfield code="b">ON_SHELF</subfield>
      <subfield code="c">RC 279 C2 A42 2001/2002</subfield>
      <subfield code="d">BOOK</subfield>
      <subfield code="f">2</subfield>
   </datafield>
   <datafield tag="926" ind1=" " ind2=" ">
      <subfield code="a">CROSS</subfield>
      <subfield code="b">REFERENCE</subfield>
      <subfield code="c">RC 279 C2 A42 2002/2003</subfield>
      <subfield code="d">NO_LOAN</subfield>
      <subfield code="f">1</subfield>
   </datafield>
   <datafield tag="926" ind1=" " ind2=" ">
      <subfield code="a">CROSS</subfield>
      <subfield code="b">ON_SHELF</subfield>
      <subfield code="c">RC 279 C2 A42 2002/2003</subfield>
      <subfield code="d">BOOK</subfield>
      <subfield code="f">2</subfield>
   </datafield>
   <datafield tag="926" ind1=" " ind2=" ">
      <subfield code="a">CROSS</subfield>
      <subfield code="b">REFERENCE</subfield>
      <subfield code="c">RC 279 C2 A42 2003/2004</subfield>
      <subfield code="d">NO_LOAN</subfield>
      <subfield code="f">1</subfield>
   </datafield>
   <datafield tag="926" ind1=" " ind2=" ">
      <subfield code="a">CROSS</subfield>
      <subfield code="b">ON_SHELF</subfield>
      <subfield code="c">RC 279 C2 A42 2003/2004</subfield>
      <subfield code="d">BOOK</subfield>
      <subfield code="f">2</subfield>
   </datafield>
   <datafield tag="926" ind1=" " ind2=" ">
      <subfield code="a">CROSS</subfield>
      <subfield code="b">REFERENCE</subfield>
      <subfield code="c">RC 279 C2 A42 2004/2005</subfield>
      <subfield code="d">NO_LOAN</subfield>
      <subfield code="f">1</subfield>
   </datafield>
   <datafield tag="926" ind1=" " ind2=" ">
      <subfield code="a">CROSS</subfield>
      <subfield code="b">ON_SHELF</subfield>
      <subfield code="c">RC 279 C2 A42 2004/2005</subfield>
      <subfield code="d">BOOK</subfield>
      <subfield code="f">2</subfield>
   </datafield>
   <datafield tag="926" ind1=" " ind2=" ">
      <subfield code="a">CROSS</subfield>
      <subfield code="b">REFERENCE</subfield>
      <subfield code="c">RC 279 C2 A42 2005/2006</subfield>
      <subfield code="d">NO_LOAN</subfield>
      <subfield code="f">1</subfield>
   </datafield>
   <datafield tag="926" ind1=" " ind2=" ">
      <subfield code="a">CROSS</subfield>
      <subfield code="b">ON_SHELF</subfield>
      <subfield code="c">RC 279 C2 A42 2005/2006</subfield>
      <subfield code="d">BOOK</subfield>
      <subfield code="f">2</subfield>
   </datafield>
   <datafield tag="926" ind1=" " ind2=" ">
      <subfield code="a">CROSS</subfield>
      <subfield code="b">REFERENCE</subfield>
      <subfield code="c">RC 279 C2 A42 2006/2007</subfield>
      <subfield code="d">NO_LOAN</subfield>
      <subfield code="f">1</subfield>
   </datafield>
   <datafield tag="926" ind1=" " ind2=" ">
      <subfield code="a">CROSS</subfield>
      <subfield code="b">ON_SHELF</subfield>
      <subfield code="c">RC 279 C2 A42 2006/2007</subfield>
      <subfield code="d">BOOK</subfield>
      <subfield code="f">2</subfield>
   </datafield>
   <datafield tag="926" ind1=" " ind2=" ">
      <subfield code="a">CROSS</subfield>
      <subfield code="b">ON_SHELF</subfield>
      <subfield code="c">RC 279 C2 A42 2006/2007</subfield>
      <subfield code="d">BOOK</subfield>
      <subfield code="f">3</subfield>
   </datafield>
   <datafield tag="926" ind1=" " ind2=" ">
      <subfield code="a">CROSS</subfield>
      <subfield code="b">REFERENCE</subfield>
      <subfield code="c">RC 279 C2 A42 2007/2008</subfield>
      <subfield code="d">NO_LOAN</subfield>
      <subfield code="f">1</subfield>
   </datafield>
   <datafield tag="926" ind1=" " ind2=" ">
      <subfield code="a">CROSS</subfield>
      <subfield code="b">ON_SHELF</subfield>
      <subfield code="c">RC 279 C2 A42 2007/2008</subfield>
      <subfield code="d">BOOK</subfield>
      <subfield code="f">2</subfield>
   </datafield>
   <datafield tag="926" ind1=" " ind2=" ">
      <subfield code="a">UAHLTHSC</subfield>
      <subfield code="b">ON_SHELF</subfield>
      <subfield code="c">RC 279 C2 A3342 2002/2003</subfield>
      <subfield code="d">BOOK</subfield>
      <subfield code="f">1</subfield>
   </datafield>
   <datafield tag="927" ind1=" " ind2=" ">
      <subfield code="a">CROSS</subfield>
   </datafield>
   <datafield tag="927" ind1=" " ind2=" ">
      <subfield code="b">Location</subfield>
      <subfield code="c">ON_SHELF-- RC 279 C2 A42</subfield>
   </datafield>
   <datafield tag="927" ind1=" " ind2=" ">
      <subfield code="b">Library has</subfield>
      <subfield code="c">1999/2000-</subfield>
   </datafield>
   <datafield tag="927" ind1=" " ind2=" ">
      <subfield code="a">UAHLTHSC</subfield>
   </datafield>
   <datafield tag="927" ind1=" " ind2=" ">
      <subfield code="b">Location</subfield>
      <subfield code="c">ON_SHELF-- RC 279 C2 A3332</subfield>
   </datafield>
   <datafield tag="927" ind1=" " ind2=" ">
      <subfield code="b">Library has</subfield>
      <subfield code="c">2002/2003</subfield>
   </datafield>
</record>
